@BOOK{BOOK:1,
    AUTHOR="Donald Knuth",
    TITLE="The art of computer programming, Volume 3 ",
    PUBLISHER="Addison Wesley",
    YEAR="2011",
}

@BOOK{BOOK:2,
    AUTHOR="Donald Knuth",
    TITLE="The art of computer programming, Volume 2 ",
    PUBLISHER="Addison Wesley",
    YEAR="2011",
}

@ARTICLE{ARTICLE:1,
    AUTHOR="Andrei Broder and Michael Mitzenmacher",
    TITLE="Network Applications of
Bloom Filters: A Survey",
    JOURNAL="Internet Mathematics",
    YEAR="2004",
}

@ARTICLE{ARTICLE:2,
    AUTHOR="Bernhard Grill",
    TITLE="A Survey on Efficient Hashing Techniques in
Software Configuration Management",
    YEAR="2014",
}

@ARTICLE{ARTICLE:3,
    AUTHOR="Adam Kirsch and Michael Mitzenmacher",
    TITLE="Less Hashing, Same Performance:
Building a Better Bloom Filter",
    JOURNAL="Wiley InterScience",
    YEAR="2007",
}


@ARTICLE{ARTICLE:4,
    AUTHOR="Burton Howard Bloom",
    TITLE="Space/Time Tradeoffs in Hash Coding with Allowable Errors.",
    JOURNAL="Communications of the ACM",
    YEAR="1970",
}

@ARTICLE{ARTICLE:5,
    AUTHOR="Rasmus Pagh and Flemming Friche Rodler.",
    TITLE="Cuckoo Hashing.",
    JOURNAL="Brics: Basic Research in Computer Science.",
    YEAR="2001",
}

@ARTICLE{ARTICLE:6,
    AUTHOR="Professor Clark F. Olson and Carol Zander.",
    TITLE="Hashing and Hash Tables.",
    JOURNAL="University of Washington Bothell's web site.",
    YEAR="2017",
}

@ARTICLE{ARTICLE:7,
    AUTHOR="Saifullahi Aminu Bello, Ahmed Mukhtar Liman, 
Abubakar Sulaiman Gezawa, Abdurra'uf Garba and Abubakar Ado.",
    TITLE="Comparative Analysis of Linear Probing, Quadratic Probing 
and Double Hashing Techniques for Resolving Collusion in a Hash Table.",
    JOURNAL="International Journal of Scientific & Engineering Research.",
    YEAR="2014",
}


